<?xml version="1.0" encoding="UTF-8"?><collection xmlns="http://www.loc.gov/MARC21/slim"><record><leader>00385nam--2200133-i-4500</leader><controlfield tag="001">000007305</controlfield><controlfield tag="002">20161230</controlfield><controlfield tag="005">20161230201027</controlfield><controlfield tag="008">060222s1000------------r-----000-0-eng-d</controlfield><datafield ind1=" " ind2=" " tag="100"><subfield code="a">Cheldelin,V.H.And Newburgh ,R.W</subfield></datafield><datafield ind1=" " ind2=" " tag="245"><subfield code="a">The chemistry of some life processes</subfield></datafield><datafield ind1=" " ind2=" " tag="260"><subfield code="a">Londom,Chapman &amp; Hall Ltd.,1965. Viii + 120p</subfield></datafield><datafield ind1=" " ind2=" " tag="490"><subfield code="a">Selected Topics In Modern Chemistry</subfield></datafield><datafield ind1=" " ind2=" " tag="852"><subfield code="a">22042</subfield></datafield></record></collection>